[gd_scene load_steps=11 format=2]

[ext_resource path="res://src/bus/MainBus.gd" type="Script" id=1]
[ext_resource path="res://assets/img/bus/route.png" type="Texture" id=2]
[ext_resource path="res://src/bus/RoadSprite.gd" type="Script" id=3]
[ext_resource path="res://src/bus/Bus.tscn" type="PackedScene" id=4]
[ext_resource path="res://assets/music/bus.wav" type="AudioStream" id=5]
[ext_resource path="res://assets/img/bus/background.png" type="Texture" id=6]
[ext_resource path="res://src/bus/Immeuble.gd" type="Script" id=7]
[ext_resource path="res://assets/font/Lato-Heavy.ttf" type="DynamicFontData" id=8]

[sub_resource type="DynamicFont" id=1]

size = 40
font_data = ExtResource( 8 )

[sub_resource type="DynamicFont" id=2]

size = 72
font_data = ExtResource( 8 )

[node name="MainBus" type="Node2D"]
script = ExtResource( 1 )

[node name="RoadSprite" type="Sprite" parent="."]
position = Vector2( 19.4753, 954.309 )
z_index = -1
texture = ExtResource( 2 )
script = ExtResource( 3 )

[node name="RoadSprite2" type="Sprite" parent="."]
position = Vector2( 2034.56, 954.309 )
z_index = -1
texture = ExtResource( 2 )
script = ExtResource( 3 )

[node name="RoadSprite3" type="Sprite" parent="."]
position = Vector2( 4050.54, 954.309 )
z_index = -1
texture = ExtResource( 2 )
script = ExtResource( 3 )

[node name="Bus" parent="." instance=ExtResource( 4 )]

[node name="ColorRect" type="ColorRect" parent="."]
margin_top = 2.0
margin_right = 1924.0
margin_bottom = 445.0
color = Color( 0.270588, 0.682353, 0.862745, 1 )

[node name="ColorRect2" type="ColorRect" parent="."]
margin_left = -3.76855
margin_top = 434.41
margin_right = 1920.23
margin_bottom = 683.41
color = Color( 0.258824, 0.278431, 0.286275, 1 )

[node name="Music" type="AudioStreamPlayer" parent="."]
stream = ExtResource( 5 )

[node name="StartTimer" type="Timer" parent="."]
wait_time = 4.0
one_shot = true
autostart = true

[node name="Background" type="Sprite" parent="."]
position = Vector2( 3068.98, 305.102 )
scale = Vector2( 1, 0.772314 )
texture = ExtResource( 6 )
script = ExtResource( 7 )

[node name="Label" type="Label" parent="."]
anchor_left = 0.5
anchor_top = 0.5
anchor_right = 0.5
anchor_bottom = 0.5
margin_left = 340.807
margin_right = 1574.81
margin_bottom = 437.0
custom_fonts/font = SubResource( 1 )
custom_colors/font_color = Color( 0, 0, 0, 1 )
text = "Help the people to go back home. 
Use W or X to pick a people when he reaches the door of the bus.
"
align = 1
valign = 1
autowrap = true

[node name="Score" type="Label" parent="."]
margin_right = 40.0
margin_bottom = 88.0
custom_fonts/font = SubResource( 2 )
align = 1
valign = 1
autowrap = true

[node name="ScoreTimer" type="Timer" parent="."]
wait_time = 3.0
one_shot = true

[connection signal="start_bus" from="." to="Bus" method="_on_MainBus_start_bus"]
[connection signal="nonpick" from="Bus" to="." method="_on_Bus_nonpick"]
[connection signal="pick" from="Bus" to="." method="_on_Bus_pick"]
[connection signal="start" from="Bus" to="Background" method="_on_Bus_start"]
[connection signal="start" from="Bus" to="." method="_on_Bus_start"]
[connection signal="finished" from="Music" to="." method="_on_Music_finished"]
[connection signal="timeout" from="StartTimer" to="." method="_on_StartTimer_timeout"]
[connection signal="timeout" from="ScoreTimer" to="." method="_on_ScoreTimer_timeout"]
