[gd_scene load_steps=12 format=2]

[ext_resource path="res://src/bus/Pedestrian.gd" type="Script" id=1]
[ext_resource path="res://assets/img/bus/up1.png" type="Texture" id=2]
[ext_resource path="res://assets/img/bus/up2.png" type="Texture" id=3]
[ext_resource path="res://assets/img/bus/normal.png" type="Texture" id=4]
[ext_resource path="res://assets/img/bus/vener1.png" type="Texture" id=5]
[ext_resource path="res://assets/img/bus/vener2.png" type="Texture" id=6]
[ext_resource path="res://assets/img/bus/vener3.png" type="Texture" id=7]
[ext_resource path="res://assets/img/bus/vener4.png" type="Texture" id=8]
[ext_resource path="res://assets/img/bus/vener5.png" type="Texture" id=9]

[sub_resource type="CapsuleShape2D" id=1]

radius = 27.7935
height = 100.645

[sub_resource type="SpriteFrames" id=2]

animations = [ {
"frames": [ ExtResource( 2 ), ExtResource( 3 ) ],
"loop": true,
"name": "up",
"speed": 5.0
}, {
"frames": [ ExtResource( 4 ) ],
"loop": true,
"name": "normal",
"speed": 5.0
}, {
"frames": [ ExtResource( 5 ), ExtResource( 6 ), ExtResource( 7 ), ExtResource( 8 ), ExtResource( 9 ) ],
"loop": true,
"name": "angry",
"speed": 5.0
} ]

[node name="Pedestrian" type="Area2D"]
script = ExtResource( 1 )

[node name="CollisionShape2D" type="CollisionShape2D" parent="."]
position = Vector2( 25.5, 68.5 )
shape = SubResource( 1 )

[node name="PedestrianSprite" type="AnimatedSprite" parent="."]
position = Vector2( 20.2518, 66.3422 )
scale = Vector2( 5, 5 )
frames = SubResource( 2 )
animation = "normal"
playing = true

